@misc{NIST,
	author       = {{National Institute of Standards and Technology (NIST)}},
	title        = {CODATA Value: Elementary charge},
	year         = {2018},
	howpublished = {\url{https://physics.nist.gov/cgi-bin/cuu/Value?e}},
	note         = {Accessed April 2025}
}