@book{cviceni,
	title = {Cvičení z elektřiny a magnetismu},
	series = {knihovnicka.cz},
	author = {Čermák, Martin, 1982 leden 19.-},
	address = {Brno},
	publisher = {Masarykova univerzita},
	year = {2014},
	note = {Tento text vyšel za podpory Fondu rozvoje Masarykovy univerzity a Ústavu fyzikální elektroniky},
}
@online{anthropicprivacy,
	author       = {{Anthropic}},
	title        = {How do you use personal data in model training?},
	year         = {2025},
	url          = {https://privacy.anthropic.com/en/articles/10023555-how-do-you-use-personal-data-in-model-training},
	note         = {cit. 09-04-2025}
}
@online{ChatGPT,
	author       = {{OpenAI}},
	title        = {ChatGPT (GPT-4)},
	year         = {2025},
	url          = {https://chat.openai.com},
	note         = {cit. 09-04-2025}
}
@online{Grok,
	author       = {{xAI}},
	title        = {Grok (Grok-2, Grok-3)},
	year         = {2025},
	url          = {https://grok.x.ai},
	note         = {cit. 09-04-2025}
}
@online{Claude,
	author       = {{Anthropic}},
	title        = {Claude (Claude 3.7)},
	year         = {2025},
	url          = {https://claude.ai},
	note         = {cit. 09-04-2025}
}
@online{ET2025ghibli,
	author       = {{The Economic Times}},
	title        = {OpenAI's Sam Altman limits ChatGPT’s Ghibli image generation as GPUs struggle to keep up with demand—can AI handle the viral craze, or is it too much to sustain?},
	year         = {2025},
	url          = {https://economictimes.indiatimes.com/news/international/us/openais-sam-altman-limits-chatgpts-ghibli-image-generation-as-gpus-struggle-to-keep-up-with-demandcan-ai-handle-the-viral-craze-or-is-it-too-much-to-sustain/articleshow/119610852.cms},
	note         = {cit. 09-04-2025}
}