@online{UH,
	author    = {Veterinární klinika Kaděra},
	title     = {Veterinární problematika v chovu potkanů},
	year      = {2009},
	url       = {https://veterina-uh.cz/2009/11/veterinarni-problematika-v-chovu-potkanu},
	note      = {cit. 27.04.2025},
}

@online{duchek,
	author    = {Petra Mikulcová},
	title     = {Adenokarcinom dělohy samic králíků},
	year      = {2006},
	url       = {https://www.vetcentrum.cz/professional-article/adenokarcinom-delohy-samic-kraliku-2},
	note      = {cit. 27.04.2025}
}

@online{cavl,
	author    = {Hana Horáková},
	title     = {Onkologická onemocnění drobných savců},
	year      = {2025},
	url       = {https://www.cavlmz.cz/sekce/onkologicka-sekce/specialni-veterinarni-onkologie/onkologicka-onemocneni-ostatnich-zivocisnych-druhu/onkologicka-onemocneni-drobnych-savcu/},
	note      = {cit. 27.04.2025}
}

@online{caviai,
	author    = {Denisa Vítková},
	title     = {Leukémie u morčat},
	url       = {https://morcata.cz/cavia-bohemia/ostatni.htm},
	note      = {cit. 27.04.2025}
}

@inbook{Wiley,	
	author = {John Wiley},
	isbn = {9781118924051},
	title = {Rat},
	booktitle = {Pathology of Laboratory Rodents and Rabbits, Fourth Edition},
	chapter = {2},
	pages = {119-172},
	doi = {https://doi.org/10.1002/9781118924051.ch02},
	url = {https://onlinelibrary.wiley.com/doi/abs/10.1002/9781118924051.ch02},
	eprint = {https://onlinelibrary.wiley.com/doi/pdf/10.1002/9781118924051.ch02},
	year = {2016},
	note = {cit. 27.04.2025}
}

@online{veteo2024nuq,
	author    = {{Veteo Laboratoř s.r.o.}},
	title     = {Nu.Q® Vet Cancer Test},
	year      = {2024},
	url       = {https://veteo.cz/nuq/},
	note      = {cit. 2025-04-27}
}
