@article{NIST,
	author    = {W. H. Strehlow and E. L. Cook},
	title     = {Compilation of Energy Band Gaps in Elemental and Binary Compound Semiconductors and Insulators},
	journal   = {Journal of Physical and Chemical Reference Data},
	volume    = {2},
	number    = {1},
	pages     = {163--200},
	year      = {1973},
	doi       = {10.1063/1.3253115},
	publisher = {American Institute of Physics}
}
