@misc{navod,
	author    = {{Ústav fyzikální elektroniky, PřF MU}},
	title     = {Fyzikální praktikum 3 – Úloha F: Optická emisní spektra atomů a molekul},
	year      = {2025},
	note      = {Verze 3. března 2025},
	howpublished = {\url{https://is.muni.cz}},
	institution = {Masarykova univerzita, Brno}
}