@manual{TI,
	title        = {{\textmu}A741 General-Purpose Operational Amplifiers Datasheet},
	author       = {{Texas Instruments}},
	year         = {2018},
	month        = {01},
	edition      = {Rev. G},
	url          = {https://www.ti.com/lit/ds/symlink/ua741.pdf},
	note         = {Document No. SLOS094G},
	institution  = {Texas Instruments},
}